<record><leader>00000cas a22000007a 4500</leader><controlfield tag="001">21438831</controlfield><controlfield tag="008">900427d18961896mouwr ne      0    0eng d</controlfield><datafield ind1=" " ind2=" " tag="010"><subfield code="a">sn 90061681 </subfield></datafield><datafield ind1=" " ind2=" " tag="040"><subfield code="a">MQN</subfield><subfield code="b">eng</subfield><subfield code="c">MQN</subfield><subfield code="d">OCLCQ</subfield></datafield><datafield ind1=" " ind2=" " tag="042"><subfield code="a">msc</subfield></datafield><datafield ind1="0" ind2=" " tag="130"><subfield code="a">Vindicator (Saint James, Mo.)</subfield></datafield><datafield ind1="1" ind2="4" tag="245"><subfield code="a">The vindicator.</subfield></datafield><datafield ind1=" " ind2=" " tag="260"><subfield code="a">St. James, Phelps County, Mo. :</subfield><subfield code="b">J.A. Watson,</subfield><subfield code="c">1896.</subfield></datafield><datafield ind1=" " ind2=" " tag="300"><subfield code="a">v.</subfield></datafield><datafield ind1=" " ind2=" " tag="310"><subfield code="a">Weekly</subfield></datafield><datafield ind1="0" ind2=" " tag="362"><subfield code="a">Vol. 1, no. 1 (Aug. 28, 1896)-v. 1, no. 8 (Oct. 16, 1896).</subfield></datafield><datafield ind1=" " ind2=" " tag="752"><subfield code="a">United States</subfield><subfield code="b">Missouri</subfield><subfield code="c">Phelps</subfield><subfield code="d">Saint James.</subfield></datafield><datafield ind1="0" ind2="0" tag="785"><subfield code="t">St. James journal (Saint James, Mo.)</subfield><subfield code="w">(DLC)sn 86063670</subfield></datafield></record>